@article{Brunton2013,
  title={Rats and humans can optimally accumulate evidence for decision-making},
  author={Brunton, B.W., Botvinick, M.M., and Brody, C.D},
  journal={Science},
  volume={340},
  pages={95-98},
  year={2013},
  doi = {DOI: 10.1126/science.1233912},
}
